@article{Basak:2005ir,
      author         = "Basak, Subhasish and others",
      title          = "{Clebsch-Gordan construction of lattice interpolating
                        fields for excited baryons}",
      collaboration  = "Lattice Hadron Physics Collaboration (LHPC)",
      journal        = "Phys.Rev.",
      volume         = "D72",
      pages          = "074501",
      doi            = "10.1103/PhysRevD.72.074501",
      year           = "2005",
      eprint         = "hep-lat/0508018",
      archivePrefix  = "arXiv",
      primaryClass   = "hep-lat",
      reportNumber   = "DOE-ER-40762-349, JLAB-THY-05-397",
      SLACcitation   = "%%CITATION = HEP-LAT/0508018;%%",
}

@article{Gattringer:2010zz,
      author         = "Gattringer, Christof and Lang, Christian B.",
      title          = "{Quantum chromodynamics on the lattice}",
      journal        = "Lect.Notes Phys.",
      volume         = "788",
      pages          = "1-343",
      doi            = "10.1007/978-3-642-01850-3",
      year           = "2010",
      SLACcitation   = "%%CITATION = LNPHA,788,1;%%",
}

@article{Roca:2008kr,
    author = "Roca, Luis and Hyodo, Tetsuo and Jido, Daisuke",
    title = "{On the nature of the Lambda(1405) and Lambda(1670) from their N(c) behavior in chiral dynamics}",
    eprint = "0804.1210",
    archivePrefix = "arXiv",
    primaryClass = "hep-ph",
    reportNumber = "YITP-08-24",
    doi = "10.1016/j.nuclphysa.2008.05.014",
    journal = "Nucl. Phys. A",
    volume = "809",
    pages = "65--87",
    year = "2008"
}


